@book{rahwanSimari2009,
  title = {Argumentation in Artificial Intelligence},
  publisher = {Springer},
  year = {2009},
  editor = {Rahwan, I. and Simari, G. R.},
  address = {Dordrecht}
}

@article{verheij2016,
	author={B. Verheij},
	title={{Formalizing Value-Guided Argumentation for Ethical Systems Design}},
	journal={Artificial Intelligence and Law},
	volume={24},
	issue={4},
	pages={387--407},
	publisher={Springer},
	address={Netherlands},
	year={2016}
}

@incollection{standley2010,
	author = {T. Standley},
	title = {{Finding Optimal Solutions to Cooperative Pathfinding Problems}},
	booktitle = {{Proceedings of the Twenty-Fourth AAAI Conference on
		Artificial Intelligence}},
	series = {AAAI},
	year = {2010},
	location = {Atlanta, Georgia},
	pages = {173--178},
	numpages = {6},
	publisher = {AAAI Press},
}

@incollection{standley2011,
	author = {T. Standley and R. Korf},
	title = {{Complete Algorithms for Cooperative Pathfinding Problems}},
	booktitle = {Proceedings of the Twenty-Second International Joint
		Conference on Artificial Intelligence},
	series = {IJCAI},
	year = {2011},
	location = {Barcelona, Catalonia, Spain},
	pages = {668--673},
	numpages = {6},
	volume = {1},
	publisher = {AAAI Press},
}

@incollection{silver2005,
	author={D. Silver},
	title={{Cooperative Pathfinding}},
	booktitle={{Proceedings of the First AAAI Conference on Artificial Intelligence and Interactive Digital Entertainment}},
	series={{AIIDE'05}},
	year={2005},
	location={Marina del Rey, California},
	pages={117--122},
	numpages={6},
	publisher={AAAI Press}
}

@incollection{dunin-keplicz2011,
	author = {B. Dunin-K\k{e}plicz and A. Strachocka and R. Verbrugge},
	title = {{Deliberation Dialogues During Multi-Agent Planning}},
	booktitle = {Proceedings of the 19th International Conference on Foundations of Intelligent Systems},
	series = {ISMIS 2011},
	year = {2011},
	isbn = {978-3-642-21915-3},
	location = {Warsaw, Poland},
	pages = {170--181},
	numpages = {12},
	publisher = {Springer},
	address = {Berlin},
}

@article{mcburney2007,
	author={P. McBurney and D. Hitchcock and S. Parsons},
	title={{The Eightfold Way of Deliberation Dialogue}},
	journal={{Int. Journal of Intelligent Systems}},
	volume={22},
	issue={1},
	year={2007},
	pages={95--132},
	publisher={{Wiley Periodicals, Inc.}}
}

@article{bench-capon2007,
	author = {{T. J. M. Bench-Capon and P. E. Dunne}},
	title = {{Argumentation in Artificial Intelligence}},
	journal = {Artifial Intelligence},
	issue_date = {July, 2007},
	volume = {171},
	number = {10-15},
	month = juli,
	year = {2007},
	issn = {0004-3702},
	pages = {619--641},
	numpages = {23},
	publisher = {Elsevier Science Publishers Ltd.},
	address = {Essex, UK},
}

@article{prakken2006,
	title={{Formal Systems for Persuasion Dialogue}},
	author={{H. Prakken}},
	journal={{The Knowledge Engineering Review}},
	issue_date={June 2006},
	volume={21},
	number={2},
	month={june},
	year={2006},
	pages={163--188},
	numpages={26},
	publisher={Cambridge University Press},
	address={New York, NY, USA}
}

@article{durfee1991,
	author={E. Durfee and V. R. Lesser},
	title = {{Partial Global Planning: A Coordination Framework for Distributed
	Hypothesis Formation}},
	journal={IEEE Transactions on Systems, Man, and Cybernetics},
	year={1991},
	volume={21},
	issue={5},
	pages={1167--1183}
}

@inbook{mcburney2009,
	title={{Dialogue Games for Agent Argumentation}},
	author={P. McBurney and S. Parsons},
	editor={Guillermo Simari and Iyad Rahwan},
	booktitle={{Argumentation in Artificial Intelligence}},
	year=2009,
	publisher={{Springer US}},
	address={Boston, MA},
	pages={261--280}
}

@techreport{medellin2012,
	title={Dialogue game protocol for co-operative plan proposals},
	author={Medellin-Gasque, R. and Atkinson, K. and Bench-Capon, T.},
	year={2012},
	institution={Technical Report ULCS-12-003, Department of Computer Science,
		University of Liverpool, UK}
}

@book{pollock1995,
	title={Cognitive Carpentry},
	author={Pollock, J. L.},
	year={1995},
	publisher={MIT Press},
	address={Cambridge, MA}
}

@article{pollock1987,
  author = {Pollock, J. L.},
  title = {Defeasible Reasoning},
  journal = {Cognitive Science},
  year = {1987},
  volume = {11},
  pages = {481--518},
  number = {4}
}

@incollection{vanEemerenEtal2014ch11,
  author = {van Eemeren, F. H. and Garssen, B. and Krabbe, E. C. W. and Snoeck 
  Henkemans, A. F. and Verheij, B. and Wagemans, J. H. M.},
  title = {Chapter 11: Argumentation in {A}rtificial {I}ntelligence},
  booktitle = {Handbook of Argumentation Theory},
  publisher = {Springer},
  year = {2014},
  address = {Berlin}
}

@article{atkinson2005,
	title={A Dialogue Game Protocol for Multi-Agent Argument over Proposals for
		Action},
	author={Atkinson, K. and Bench-Capon, T. and Mcburney, P.},
	journal={Autonomous Agents and Multi-Agent Systems},
	volume={11},
	number={2},
	pages={153--171},
	year={2005},
	publisher={Springer}
}

@book{walton1995,
	title={{Commitment in Dialogue: Basic Concepts of Interpersonal Reasoning}},
	author={Walton, D. and Krabbe, E. C. W.},
	year={1995},
	publisher={State University of New York Press},
  address = {Albany, NY}
}

@article{dung1995,
	title={On the acceptability of arguments and its fundamental role in
		nonmonotonic reasoning, logic programming and n-person games},
	author={Phan Minh Dung},
	journal={Artificial Intelligence},
	volume={77},
	number={2},
	pages={321--357},
	year={1995},
	publisher={Elsevier}
}

@incollection{prakken2009,
	title={{Models of Persuasion Dialogue}},
	author={H. Prakken},
	booktitle={{Argumentation in Artificial Intelligence}},
	pages={281--300},
	year={2009},
	publisher={Springer US},
	address={Boston, MA},
	editor={{Guillermo Simari and Iyad Rahwan}}
}

@inbook{girle2003,
	author={Rod Girle and David Hitchcock and Peter McBurney and Bart Verheij},
	editor={C. Reed and T. J. Norman},
	title={{Decision Support for Practical Reasoning}},
	booktitle={{Argumentation Machines: New Frontiers in Argument and
		Computation}},
	year={2004},
	publisher={Springer Netherlands},
	address={Dordrecht},
	pages={55--83}
}

@article{sharon2013,
	title = {{The Increasing Cost Tree Search for Optimal Multi-Agent
		Pathfinding}},
	journal = {Artificial Intelligence},
	volume = {195},
	pages = {470--495},
	year = {2013},
	issn = {0004-3702},
	author = {G. Sharon and R. Stern and M. Goldenberg and A. Felner}
}

@article{bennewitz2002,
	title={Finding and optimizing solvable priority schemes for decoupled path
		planning techniques for teams of mobile robots},
	author={Bennewitz, M. and Burgard, W. and Thrun, S.},
	journal={{Robotics and Autonomous Systems}},
	volume={41},
	number={2--3},
	pages={89--99},
	year={2002},
	publisher={Elsevier}
}

@article{list2002aggregating,
	title={Aggregating sets of judgments: An impossibility result},
	author={List, C. and Pettit, P.},
	journal={Economics and Philosophy},
	volume={18},
	number={01},
	pages={89--110},
	year={2002},
	publisher={Cambridge University Press}
}

@book{grossi2014,
	author={Grossi, D. and Pigozzi, G.},
	title = {{Judgment Aggregation: A Primer}},
	year={2014},
	month={March},
	publisher={Morgan \& Claypool Publishers},
	isbn={1627050876, 9781627050876},
	series={{Synthesis Lectures on Artificial Intelligence and Machine
	Learning}},
	editors={Ronald J. Brachman and William W. Cohen and Peter Stone}
}

@incollection{cap2012,
	title={{Asynchronous Decentralized Algorithm for Space-Time Cooperative
	Pathfinding}},
	author={{\v{C}}{\'a}p, M. and Novak, P. and Vok{\v{r}}{\'\i}nek,
	J. and P{\v{e}}chou{\v{c}}ek, M.},
	year={2012},
	booktitle={Spatio-Temporal Dynamics (STeDy 2012), Workshop Proceedings of
	the European Conference on Artificial Intelligence (ECAI 2012),
	Montpellier, France},
	publisher={ECAI},
	editor={M. Bhatt and H. W. Guesgen and E. Davis},
	pages={18--25},
	location={Montpellier, France}
}

@book{wooldridge2009,
	author = {Wooldridge, M.},
	title = {An Introduction to MultiAgent Systems},
	year = {2009},
	isbn = {0470519460, 9780470519462},
	edition = {2nd},
	publisher = {{Wiley}},
	address={Chichester}
}

@article{wei2016,
	title={{Altruistic Coordination for Multi-Robot Cooperative Pathfinding}},
	author={Wei, C. and Hindriks, K. V. and Jonker, C. M.},
	journal={Applied Intelligence},
	pages={269--281},
	year={2016},
	volume={44},
	number={2},
	issn={0924-669X},
	numpages={13},
	doi={10.1007/s10489-015-0660-3},
	publisher={Kluwer Academic Publishers},
	address={Hingham, MA, USA}
}

@inbook{vandenberg2011,
    author={van den Berg, J. and Guy, S. J. and Lin, M. and Monocha, D.},
    editor={Pradalier, C. and Siegwart, R. and Hirzinger, G.},
    title={{Reciprocal $n$-Body Collision Avoidance}},
    bookTitle={Robotics Research: The 14th International Symposium ISRR},
    year=2011,
    publisher={Springer Berlin Heidelberg},
    address={Berlin, Heidelberg},
    pages={3--19},
    isbn={978-3-642-19457-3}
}

@article{kirkpatrick1983,
  title={Optimization by Simulated Annealing},
  author={Kirkpatrick, S. and Gelatt, C. D. and Vecchi, M. P.},
  journal={Science},
  volume={220},
  number={4598},
  pages={671--680},
  year={1983},
  publisher={American Association for the Advancement of Science}
}

@article{hart1968,
    title = {{A Formal Basis for the Heuristic Determination of Minimum Cost 
    Paths}},
    author = {Hart, P. E. and Nilsson, N. J. and Raphael, B.},
    booktitle = {IEEE Transactions on Systems Science and Cybernetics},
    day = {12},
    doi = {10.1109/tssc.1968.300136},
    institution = {Artificial Intelligence Group of the Applied Physics 
    Laboratory, Stanford Research Institute, Menlo Park, Calif.},
    issn = {0536-1567},
    journal = {Systems Science and Cybernetics, IEEE Transactions on},
    keywords = {a, minimum\_path, path\_finding},
    number = {2},
    pages = {100--107},
    posted-at = {2010-06-11 12:13:30},
    priority = {3},
    publisher = {IEEE},
    url = {http://dx.doi.org/10.1109/tssc.1968.300136},
    volume = {4},
    year = {1968}
}

@article{lavalle1998,
    title = {{Rapidly-Exploring Random Trees: A New Tool for Path Planning}},
    author = {LaValle, S. M.},
    citeulike-article-id = {4022368},
    citeulike-linkout-0 = 
    {http://citeseerx.ist.psu.edu/viewdoc/summary?doi=10.1.1.35.1853},
    posted-at = {2009-02-07 22:15:08},
    priority = {4},
    url = {http://citeseerx.ist.psu.edu/viewdoc/summary?doi=10.1.1.35.1853},
    year = {1998}
}

@article{lavalle2001,
    title={{Randomized Kinodynamic Planning}},
    author={LaValle, S. M. and Kuffner Jr., J. J.},
    journal={The International Journal of Robotics Research},
    volume={20},
    number={5},
    pages={378--400},
    year={2001},
    publisher={SAGE Publications}
}

@book{latombe1991,
 author = {Latombe, J.},
 title = {{Robot Motion Planning}},
 year = {1991},
 isbn = {079239206X},
 publisher = {Kluwer Academic Publishers},
 address = {Norwell, MA},
}

@article{chouhan2017,
  title={{DiMPP: a complete distributed algorithm for multi-agent path
  planning}},
  author={Chouhan, S. S. and Niyogi, R.},
  journal={Journal of Experimental \& Theoretical Artificial Intelligence},
  volume={29},
  number={6},
  pages={1129--1148},
  year={2017},
  publisher={Taylor \& Francis}
}

@article{brenner2009,
    title={{Continual planning and acting in dynamic multiagent environments}},
    author={Brenner, M. and Nebel, B.},
    journal={Autonomous Agents and Multi-Agent Systems},
    volume={19},
    number={3},
    pages={297--331},
    year={2009},
    publisher={Springer US},
    issn={1573-7454},
}

@article{decker1992,
    title={{Generalizing the Partial Global Planning Algorithm}},
    author={Decker, K. S. and Lesser, V. R.},
    journal={International Journal of Intelligent and Cooperative Information 
    Systems},
    volume={1},
    number={02},
    pages={319--346},
    year={1992},
    publisher={World Scientific}
}

@incollection{walton2014,
    title={{Missing Phases of Deliberation Dialogue for Real Applications}},
    author={Walton, D. and Toniolo, A. and Norman, T. J.},
    booktitle={Proceedings of the 11th International Workshop on Argumentation 
    in Multi-Agent Systems},
    pages={1--20},
    year={2014}
}

@incollection{modgil2013,
    title={{The Added Value of Argumentation}},
    author={Modgil, Sanjay and Toni, Francesca and Bex, Floris and Bratko, Ivan 
    and Ches{\~n}evar, Carlos I. and Dvo{\v{r}}{\'a}k, Wolfgang and Falappa, 
    Marcelo A. and Fan, Xiuyi and Gaggl, Sarah Alice and Garc{\'\i}a, Alejandro 
    J. and Gonz{\'a}lez, Mar{\'i}a P. and Gordon, Thomas F. and Leite Jo{\~a}o 
    and Mo{\u{z}}ina, Martin and Reed, Chris and Simari, Guillermo R. and 
    Szeider, Stefan and Torroni, Paolo and Woltran, Stefan},
    booktitle={Agreement technologies},
    pages={357--403},
    year={2013},
    publisher={Springer, Dordrecht},
    series={Law, Governance, and Technology Series},
    volume=8,
    chapter=21,
    editor={Ossowski, Sascha}
}

@article{hopcroft1984,
    title={{On the Complexity of Motion Planning for Multiple Independent 
    Objects; PSPACE-Hardness of the ``Warehouseman's Problem''}},
    author={Hopcroft, J. E. and Schwartz, J. T. and Sharir, M.},
    journal={The International Journal of Robotics Research},
    volume={3},
    number={4},
    pages={76--88},
    year={1984},
    publisher={Sage Publications Sage CA: Thousand Oaks, CA}
}

@incollection{pardo2011,
    title={{Multiagent Argumentation for Cooperative Planning in DeLP-POP}},
    author={Pardo, P. and Pajares, S. and Onaidia, E. and Godo, 
    L. and Dellunde, P.},
    booktitle={The 10th International Conference on Autonomous Agents and 
    Multiagent Systems - Volume 3},
    pages={971--978},
    year={2011},
}

@incollection{ferrando2012,
    title={{Defeasible Argumentation for Multi-Agent Planning in Ambient 
    Intelligence Applications}},
    author={Ferrando, S. P. and Onaidia, E.},
    booktitle={Proceedings of the 11th International Conference on Autonomous 
    Agents and Multiagent Systems -- Volume 1},
    pages={509--516},
    year={2012},
}
