@article{verheij2016,
	author={Bart Verheij},
	title={{Formalizing Value-Guided Argumentation for Ethical Systems Design}},
	journal={Artificial Intelligence and Law},
	volume={24},
	issue={4},
	pages={387--407},
	publisher={Springer},
	address={Netherlands},
	year={2016}
}

@article{standley2010,
	author={Trevor Standley and Richard Korf},
	title={{Complete Algorithms for Cooperative Pathfinding Problems}},
	journal={{Proceedings of the Twenty-Second International Joint Conference 
	on Artificial Intelligence}},
	year={2010},
	series={{IJCAI}},
	location={Barcelona, Catalonia, Spain},
	pages={668--673},
	numpages={6},
	publisher={AAAI Press},
}